<record><leader>00000cas a2200000Ma 4500</leader><controlfield tag="001">11099405</controlfield><controlfield tag="008">840828d18361845inuwr ne      0    0eng d</controlfield><datafield ind1=" " ind2=" " tag="010"><subfield code="a">sn 84023949 </subfield></datafield><datafield ind1=" " ind2=" " tag="040"><subfield code="a">AQM</subfield><subfield code="b">eng</subfield><subfield code="c">AQM</subfield><subfield code="d">OCLCQ</subfield></datafield><datafield ind1="0" ind2=" " tag="130"><subfield code="a">Indiana farmer (Indianapolis, Ind. : 1836)</subfield></datafield><datafield ind1="1" ind2="0" tag="245"><subfield code="a">Indiana farmer.</subfield></datafield><datafield ind1="1" ind2="3" tag="246"><subfield code="a">Indiana farmer and stock register</subfield></datafield><datafield ind1="1" ind2="3" tag="246"><subfield code="a">Indiana farmer, and advocate of Western productive industry</subfield></datafield><datafield ind1=" " ind2=" " tag="260"><subfield code="a">Indianapolis, Ind. :</subfield><subfield code="b">Indiana State Board of Agriculture,</subfield><subfield code="c">1836-</subfield></datafield><datafield ind1=" " ind2=" " tag="310"><subfield code="a">Weekly,</subfield><subfield code="b">&lt;Sept. 8, 1838-&gt;</subfield></datafield><datafield ind1=" " ind2=" " tag="321"><subfield code="a">Semimonthly,</subfield><subfield code="b">1836-&lt;Jan. 21, 1837&gt;</subfield></datafield><datafield ind1="0" ind2=" " tag="362"><subfield code="a">Vol. 1, no. 1 (Mar. 12, 1836)-</subfield></datafield><datafield ind1="1" ind2=" " tag="362"><subfield code="a">Ceased in 1845.</subfield></datafield><datafield ind1=" " ind2=" " tag="500"><subfield code="a">Also published as: Indiana farmer, and advocate of Western productive industry, &lt;June 15, 1839&gt;.</subfield></datafield><datafield ind1=" " ind2=" " tag="500"><subfield code="a">Sometimes published as: Indiana farmer and stock register. Cf. Miller, J.W. Ind. newspaper bibliography.</subfield></datafield><datafield ind1=" " ind2=" " tag="500"><subfield code="a">"Published under the direction of the Indiana State Board of Agriculture," Mar. 12, 1836-&lt;Jan. 21, 1837&gt;.</subfield></datafield><datafield ind1=" " ind2="7" tag="655"><subfield code="a">Agricultural newspapers.</subfield><subfield code="2">ngl</subfield></datafield><datafield ind1=" " ind2="7" tag="655"><subfield code="a">Government newspapers.</subfield><subfield code="2">ngl</subfield></datafield><datafield ind1=" " ind2="7" tag="655"><subfield code="a">Industry newspapers.</subfield><subfield code="2">ngl</subfield></datafield><datafield ind1=" " ind2=" " tag="752"><subfield code="a">United States</subfield><subfield code="b">Indiana</subfield><subfield code="c">Marion</subfield><subfield code="d">Indianapolis.</subfield></datafield><datafield ind1="0" ind2="0" tag="785"><subfield code="t">Indiana farmer's guide</subfield></datafield><datafield ind1="1" ind2=" " tag="029"><subfield code="a">AU@</subfield><subfield code="b">000025829465</subfield></datafield></record>